<record><leader>00000cas a22000007a 4500</leader><controlfield tag="001">21681394</controlfield><controlfield tag="008">900604d19001902gaudn ne      0    0eng d</controlfield><datafield ind1=" " ind2=" " tag="010"><subfield code="a">sn 90052411 </subfield></datafield><datafield ind1=" " ind2=" " tag="040"><subfield code="a">NLG</subfield><subfield code="b">eng</subfield><subfield code="c">NLG</subfield><subfield code="d">GUA</subfield><subfield code="d">OCLCQ</subfield><subfield code="d">OCLCF</subfield><subfield code="d">OCLCO</subfield></datafield><datafield ind1="1" ind2=" " tag="029"><subfield code="a">AU@</subfield><subfield code="b">000020607854</subfield></datafield><datafield ind1=" " ind2=" " tag="042"><subfield code="a">msc</subfield></datafield><datafield ind1=" " ind2=" " tag="043"><subfield code="a">n-us-ga</subfield></datafield><datafield ind1="0" ind2="4" tag="245"><subfield code="a">The Brunswick times-call.</subfield></datafield><datafield ind1=" " ind2=" " tag="260"><subfield code="a">Brunswick, Ga. :</subfield><subfield code="b">Arthur H. Leavy,</subfield><subfield code="c">[1900-1902]</subfield></datafield><datafield ind1=" " ind2=" " tag="300"><subfield code="a">v.</subfield></datafield><datafield ind1=" " ind2=" " tag="310"><subfield code="a">Daily (except Mon.)</subfield></datafield><datafield ind1="0" ind2=" " tag="362"><subfield code="a">Vol. 11, no. 1 (Aug. 16, 1900)-v.11, no. 372 (Jan. 10, 1902).</subfield></datafield><datafield ind1=" " ind2=" " tag="530"><subfield code="a">Also on microfilm: Athens, Ga. : University of Georgia Libraries.</subfield></datafield><datafield ind1=" " ind2=" " tag="580"><subfield code="a">Formed by the union of: Brunswick times (Brunswick, Ga. : 1897), and: Evening call (Brunswick, Ga.).</subfield></datafield><datafield ind1=" " ind2="0" tag="651"><subfield code="a">Glynn County (Ga.)</subfield><subfield code="v">Newspapers.</subfield></datafield><datafield ind1=" " ind2="7" tag="655"><subfield code="a">Newspapers.</subfield><subfield code="2">fast</subfield><subfield code="0">(OCoLC)fst01423814</subfield></datafield><datafield ind1=" " ind2="7" tag="651"><subfield code="a">Georgia</subfield><subfield code="z">Glynn County.</subfield><subfield code="2">fast</subfield><subfield code="0">(OCoLC)fst01214157</subfield></datafield><datafield ind1=" " ind2=" " tag="752"><subfield code="a">United States</subfield><subfield code="b">Georgia</subfield><subfield code="c">Glynn</subfield><subfield code="d">Brunswick.</subfield></datafield><datafield ind1="1" ind2="4" tag="780"><subfield code="t">Brunswick times (Brunswick, Ga. : 1897)</subfield><subfield code="w">(DLC)sn 90052410</subfield><subfield code="w">(OCoLC)21663160</subfield></datafield><datafield ind1="1" ind2="4" tag="780"><subfield code="t">Evening call (Brunswick, Ga.)</subfield><subfield code="w">(DLC)sn 90052413</subfield><subfield code="w">(OCoLC)21624902</subfield></datafield><datafield ind1="0" ind2="4" tag="785"><subfield code="t">Brunswick news (Brunswick, Ga. : 1902)</subfield><subfield code="w">(DLC)sn 90052141</subfield><subfield code="w">(OCoLC)21681389</subfield></datafield></record>